<?xml version="1.0" encoding="UTF-8"?><collection xmlns="http://www.loc.gov/MARC21/slim"><record><leader>00394nam--2200157-i-4500</leader><controlfield tag="001">000032298</controlfield><controlfield tag="002">20161230</controlfield><controlfield tag="005">20170128175903</controlfield><controlfield tag="008">060222s1000------------r-----000-0-eng-d</controlfield><datafield ind1=" " ind2=" " tag="080"><subfield code="a">3:681.3</subfield></datafield><datafield ind1=" " ind2=" " tag="245"><subfield code="a">Microelectronica si societatea la bine si la rau</subfield></datafield><datafield ind1=" " ind2=" " tag="260"><subfield code="a">Bucuresti</subfield><subfield code="b">Ed.Politica</subfield><subfield code="c">1985</subfield></datafield><datafield ind1=" " ind2=" " tag="300"><subfield code="a">468 p</subfield></datafield><datafield ind1=" " ind2=" " tag="700"><subfield code="a">Schaff, Adam</subfield></datafield><datafield ind1=" " ind2=" " tag="852"><subfield code="a">72289</subfield></datafield><datafield ind1=" " ind2=" " tag="CAT"><subfield code="a">SYS</subfield><subfield code="c">20170128</subfield><subfield code="h">175903</subfield></datafield></record></collection>